@ARTICLE{geant4,
  author = {S. Agostinelli and al},
  title = {Geant4--a simulation toolkit},
  journal = {Nuclear Instruments and Methods in Physics Research Section A: Accelerators,
	Spectrometers, Detectors and Associated Equipment},
  year = {2003},
  volume = {506},
  pages = {250 - 303},
  number = {3},
  doi = {DOI: 10.1016/S0168-9002(03)01368-8},
  issn = {0168-9002},
  keywords = {Simulation},
  url = {http://www.sciencedirect.com/science/article/pii/S0168900203013688}
}
@ARTICLE{geant4_parton,
  author = {G. Folger and J.P. Wellisch},
  title = {String {Parton} {Models} in {Geant4}},
  year = {2003},
  archiveprefix = {arXiv},
  collaboration = {GEANT4},
  eprint = {nucl-th/0306007},
  primaryclass = {hep-ph},
  url = {http://arxiv.org/abs/nucl-th/0306007}
}
@ARTICLE{geant4_reference,
  author = {GEANT4 collaboration},
  title = {{Physics} {Reference} {Manual}};
  year = {2014},
  collaboration = {GEANT4},
  url = {http://geant4.web.cern.ch/geant4/UserDocumentation/UsersGuides/PhysicsReferenceManual/fo/PhysicsReferenceManual.pdf},
}
@ARTICLE{geant4_bertini,
  author = {A. Heikkinen and N. Stepanov and J.P. Wellisch},
  title = {Bertini intra-nuclear cascade implementation in {Geant4}},
  year = {2003},
  archiveprefix = {arXiv},
  collaboration = {GEANT4},
  eprint = {nucl-th/0306008},
  primaryclass = {hep-ph},
  url = {http://arxiv.org/abs/nucl-th/0306008}
}
@ARTICLE{bertini,
  author = {H.W. Bertini},
  title = {{Intranuclear-Cascade Calculation of the Secondary Nucleon Spectra from Nucleon-Nucleus Interactions in the Energy Range 340 to 2900 MeV and Comparisons with Experiment}},
  year = {1969},
  journal ={{Physical Review}},
  url = {http://journals.aps.org/pr/abstract/10.1103/PhysRev.188.1711}
}


@article{marlin,
  author         = "Gaede, F.",
  title          = "{Marlin and LCCD: Software tools for the ILC}",
  journal        = "Nucl.Instrum.Meth.",
  volume         = "A559",
  pages          = "177-180",
  doi            = "10.1016/j.nima.2005.11.138",
  year           = "2006",
  SLACcitation   = "%%CITATION = NUIMA,A559,177;%%",
}

@article{marlinreco,
  year={2007},
  issn={0304-4289},
  journal={Pramana},
  volume={69},
  number={6},
  doi={10.1007/s12043-007-0237-8},
  title={Event reconstruction with MarlinReco at the International Linear Collider},
  url={http://dx.doi.org/10.1007/s12043-007-0237-8},
  publisher={Springer-Verlag},
  keywords={Linear collider; simulation; software tools; event reconstruction; particle flow; 07.05.Kf; 07.05.Tp; 29.40.Vj; 29.85.+c},
  author={O. Wendt and F. Gaede and T. Krämer},
  pages={1109-1114},
  language={English}
}

@misc{ilcsoft,
  key = {ILCSoft},
  title = {ILCSoft homepage},
  howpublished = {\url{http://ilcsoft.desy.de}}
  %note = {Accessed: 2010-09-30}
}
@ARTICLE{abbresciaPolya,
  author = {M. Abbrescia and al},
  title = {The simulation of resistive plate chambers in avalanche mode: charge
	spectra and efficiency},
  journal = {Nuclear Instruments and Methods in Physics Research Section A: Accelerators,
	Spectrometers, Detectors and Associated Equipment},
  year = {1999},
  volume = {431},
  pages = {413 - 427},
  number = {3},
  doi = {DOI: 10.1016/S0168-9002(99)00374-5},
  issn = {0168-9002},
  url = {http://www.sciencedirect.com/science/article/B6TJM-3WYHWDP-4/2/f05cca7f1165f235e8fc1e763c263a97}
}
@PHDTHESIS{kieffer,
  author = {R.Kieffer},
  title = {Caract\'erisation d'un calorim\`etre hadronique semi-digital pour le futur collisionneur ILC},
  school = {Universit\'ee Claude Bernard Lyon-1},
  year = {2011},
  %owner = {kieffer},
  %timestamp = {2011.07.07}
}
@article{riegler,
title = "Detector physics and simulation of resistive plate chambers ",
journal = "Nuclear Instruments and Methods in Physics Research Section A: Accelerators, Spectrometers, Detectors and Associated Equipment ",
volume = "500",
number = "1–3",
pages = "144 - 162",
year = "2003",
note = "\{NIMA\} Vol 500 ",
issn = "0168-9002",
doi = "http://dx.doi.org/10.1016/S0168-9002(03)00337-1",
url = "http://www.sciencedirect.com/science/article/pii/S0168900203003371",
author = "Werner Riegler and Christian Lippmann and Rob Veenhof",
keywords = "\{RPC\}",
keywords = "Simulation",
keywords = "Signals",
keywords = "Detector physics",
keywords = "Timing",
keywords = "Efficiency ",
abstract = "We present a simulation model suited to study efficiency, timing and pulse-height spectra of Resistive Plate Chambers. After discussing the details of primary ionisation, avalanche multiplication, signal induction and frontend electronics, we apply the model to timing \{RPCs\} with time resolution down to 50&#xa0;ps and trigger \{RPCs\} with time resolution of about 1&#xa0;ns. "
}

@article{cms,
      author         = "Chatrchyan, S. and others",
      title          = "{The CMS experiment at the CERN LHC}",
      collaboration  = "CMS",
      journal        = "JINST",
      volume         = "3",
      pages          = "S08004",
      doi            = "10.1088/1748-0221/3/08/S08004",
      year           = "2008",
      SLACcitation   = "%%CITATION = JINST,3,S08004;%%",
}

@article{atlas,
      author         = "Aad, G. and others",
      title          = "{The ATLAS Experiment at the CERN Large Hadron Collider}",
      collaboration  = "ATLAS",
      journal        = "JINST",
      volume         = "3",
      pages          = "S08003",
      doi            = "10.1088/1748-0221/3/08/S08003",
      year           = "2008",
      SLACcitation   = "%%CITATION = JINST,3,S08003;%%",
}

@INPROCEEDINGS{omega,
author={Callier, S. and Dulucq, F. and De La Taille, C. and Martin-Chassard, G. and Seguin-Moreau, N. and Gaglione, R. and Laktineh, I. and Mathez, H. and Boudry, V. and Brient, J.C. and Jauffret, C.},
booktitle={Nuclear Science Symposium Conference Record, 2007. NSS '07. IEEE},
title={HARDROC1, readout chip of the Digital HAdronic CALorimeter of ILC},
year={2007},
month={Oct},
volume={3},
pages={1851-1856},
keywords={application specific integrated circuits;digital storage;digital-analogue conversion;discriminators;nuclear electronics;particle calorimetry;position sensitive particle detectors;preamplifiers;readout electronics;10 bit-DAC;ASIC integrates;GEM;HARDROC1;ILC;RPC;SiGe;digital hadronic calorimeter;digital memory;discriminators;preamplifier;readout chip;Application specific integrated circuits;Counting circuits;DH-HEMTs;Detectors;Energy consumption;Gain;Germanium silicon alloys;Impedance;Preamplifiers;Silicon germanium},
doi={10.1109/NSSMIC.2007.4436518},
ISSN={1095-7863},}
@article{acceleratorTDR,
      author         = "Adolphsen, Chris and Barone, Maura and Barish, Barry and
                        Buesser, Karsten and Burrows, Philip and others",
      editor         = "Adolphsen, Chris",
      title          = "{The International Linear Collider Technical Design
                        Report - Volume 3.II: Accelerator Baseline Design}",
      year           = "2013",
      eprint         = "1306.6328",
      archivePrefix  = "arXiv",
      primaryClass   = "physics.acc-ph",
      reportNumber   = "ILC-REPORT-2013-040, ANL-HEP-TR-13-20,
                        BNL-100603-2013-IR, IRFU-13-59, CERN-ATS-2013-037,
                        COCKCROFT-13-10, CLNS-13-2085, DESY-13-062,
                        FERMILAB-TM-2554, IHEP-AC-ILC-2013-001, INFN-13-04-LNF,
                        JAI-2013-001, JINR-E9-2013-35, JLAB-R-2013-01,
                        KEK-REPORT-2013-1, KNU-CHEP-ILC-2013-1, LLNL-TR-635539,
                        SLAC-R-1004, ILC-HIGRADE-REPORT-2013-003",
      SLACcitation   = "%%CITATION = ARXIV:1306.6328;%%",
}
@misc{vavra,
  key = {RPC_vavra},
  author = {J.Va’vra,},
  title = {Some comments about the BaBar RPC experience.What to do next?},
  howpublished = {\url{http://www-off-axis.fnal.gov/workshops/stanford03/transparencies/vavra_RPC_summary_2003_talk.pdf}}
}
@article{sdhcal-com,
      author         = "Laktineh, S. and others",
      title          = "{Construction and commissioning of high-granularity semi-digital calorimeter}",
      %collaboration  = "CMS",
      journal        = "JINST",
      volume         = "?",
      pages          = "?????",
      doi            = "????????????",
      year           = "2015",
}
@article{haddad,
title = "High rate resistive plate chamber for \{LHC\} detector upgrades ",
journal = "Nuclear Instruments and Methods in Physics Research Section A: Accelerators, Spectrometers, Detectors and Associated Equipment ",
volume = "718",
number = "0",
pages = "424 - 426",
year = "2013",
note = "Proceedings of the 12th Pisa Meeting on Advanced Detectors La Biodola, Isola d’Elba, Italy, May 20 – 26, 2012 ",
issn = "0168-9002",
doi = "http://dx.doi.org/10.1016/j.nima.2012.11.029",
url = "http://www.sciencedirect.com/science/article/pii/S0168900212013630",
author = "Y. Haddad and I. Laktineh and G. Grenier and N. Lumb and S. Cauwenbergh",
keywords = "Gaseous detectors",
keywords = "\{GRPC\}",
keywords = "High rate detectors ",
abstract = "The limitation of the detection rate of standard bakelite resistive plate chambers (RPCs) used as muon detectors in the \{LHC\} experiments has prevented the use of such detectors in the high rate regions in both \{CMS\} and \{ATLAS\} detectors. One alternative to these detectors is \{RPCs\} made with low resistivity glass plates ( 10 10 Ω cm ), a beam test at \{DESY\} has shown that such detectors can operate at few thousand Hz/cm2 with high efficiency ( &gt; 90 % ). "
}
@INPROCEEDINGS{yi_wang,
author={Yi Wang and Wang, Jingbo and Yan, Qiang and Li, Yuanjing and Cheng, Jianping},
booktitle={Nuclear Science Symposium Conference Record, 2008. NSS '08. IEEE},
title={Study on the performance of high rating MRPC},
year={2008},
month={Oct},
pages={913-916},
keywords={Chemical technology;Conductivity;Electrodes;Electron beams;Glass;Nuclear and plasma sciences;Production;Testing;Voltage;Windows},
doi={10.1109/NSSMIC.2008.4774543},
ISSN={1095-7863},}
@article{Abat,
      author         = "Abat, E. and others",
      title          = "{Study of energy response and resolution of the ATLAS
                        barrel calorimeter to hadrons of energies from 20-GeV to
                        350-GeV}",
      collaboration  = "ATLAS",
      journal        = "Nucl.Instrum.Meth.",
      volume         = "A621",
      pages          = "134-150",
      doi            = "10.1016/j.nima.2010.04.054",
      year           = "2010",
      SLACcitation   = "%%CITATION = NUIMA,A621,134;%%",
}
@article{Krivkova,
      author         = "Krivkova, P. and Leitner, R.",
      title          = "{Measurement of the interaction length of pions and
                        protons in the TileCal Module 0}",
      year           = "1999",
      reportNumber   = "ATL-TILECAL-99-007, ATL-COM-TILECAL-99-007,
                        CERN-ATL-TILECAL-99-007",
      SLACcitation   = "%%CITATION = ATL-TILECAL-99-007 ETC.;%%",
}
